[gd_scene load_steps=4 format=3 uid="uid://dv2ey880vg07t"]

[ext_resource type="Script" path="res://menu.gd" id="1_6a548"]
[ext_resource type="AudioStream" uid="uid://onm7osiecyxx" path="res://res/audio/alexander-nakarada-viking-intro-loop.mp3" id="2_fttn3"]
[ext_resource type="Theme" uid="uid://dqxqsfv3j4kte" path="res://button_theme.tres" id="3_quyir"]

[node name="Menu" type="Control"]
layout_mode = 3
anchors_preset = 15
anchor_right = 1.0
anchor_bottom = 1.0
grow_horizontal = 2
grow_vertical = 2
size_flags_horizontal = 3
size_flags_vertical = 3
script = ExtResource("1_6a548")

[node name="AudioStreamPlayer" type="AudioStreamPlayer" parent="."]
stream = ExtResource("2_fttn3")
volume_db = -15.0
autoplay = true

[node name="CenterContainer" type="CenterContainer" parent="."]
layout_mode = 1
anchors_preset = 8
anchor_left = 0.5
anchor_top = 0.5
anchor_right = 0.5
anchor_bottom = 0.5
grow_horizontal = 2
grow_vertical = 2
use_top_left = true

[node name="MarginContainer" type="MarginContainer" parent="CenterContainer"]
layout_mode = 2

[node name="VBoxContainer" type="VBoxContainer" parent="CenterContainer/MarginContainer"]
layout_mode = 2

[node name="Play" type="Button" parent="CenterContainer/MarginContainer/VBoxContainer"]
layout_mode = 2
theme = ExtResource("3_quyir")
text = "New game"

[node name="Options" type="Button" parent="CenterContainer/MarginContainer/VBoxContainer"]
layout_mode = 2
theme = ExtResource("3_quyir")
text = "Options"

[node name="Exit" type="Button" parent="CenterContainer/MarginContainer/VBoxContainer"]
layout_mode = 2
theme = ExtResource("3_quyir")
text = "Exit"

[connection signal="pressed" from="CenterContainer/MarginContainer/VBoxContainer/Play" to="." method="_on_play_pressed"]
[connection signal="pressed" from="CenterContainer/MarginContainer/VBoxContainer/Options" to="." method="_on_options_pressed"]
[connection signal="pressed" from="CenterContainer/MarginContainer/VBoxContainer/Exit" to="." method="_on_exit_pressed"]
